<?xml version="1.0" encoding="UTF-8"?><collection xmlns="http://www.loc.gov/MARC21/slim"><record><leader>00406nam--2200133-i-4500</leader><controlfield tag="001">000042834</controlfield><controlfield tag="002">20161230</controlfield><controlfield tag="005">20161230201043</controlfield><controlfield tag="008">060222s1000------------r-----000-0-eng-d</controlfield><datafield ind1=" " ind2=" " tag="080"><subfield code="a">341.6:621.039.58:614.8</subfield></datafield><datafield ind1=" " ind2=" " tag="245"><subfield code="a">Preventing nuclear theft: guidelines for industry and government</subfield></datafield><datafield ind1=" " ind2=" " tag="260"><subfield code="a">New York, Praeger Publ., 1972, Xxxi + 377p</subfield></datafield><datafield ind1=" " ind2=" " tag="700"><subfield code="a">Leachman, Robert B.And Althoff, Phillip</subfield></datafield><datafield ind1=" " ind2=" " tag="852"><subfield code="a">41857</subfield></datafield></record></collection>